<record><leader>00000cas a22000007a 4500</leader><controlfield tag="001">11956242</controlfield><controlfield tag="008">850424d19491986utuwr ne      0    0eng d</controlfield><datafield ind1=" " ind2=" " tag="010"><subfield code="a">sn 85058115 </subfield></datafield><datafield ind1=" " ind2=" " tag="040"><subfield code="a">UNP</subfield><subfield code="b">eng</subfield><subfield code="c">UNP</subfield><subfield code="d">NSD</subfield><subfield code="d">UUS</subfield><subfield code="d">OCLCQ</subfield><subfield code="d">OCLCF</subfield><subfield code="d">OCLCO</subfield><subfield code="d">OCL</subfield></datafield><datafield ind1=" " ind2=" " tag="019"><subfield code="a">33035613</subfield></datafield><datafield ind1=" " ind2=" " tag="042"><subfield code="a">msc</subfield></datafield><datafield ind1=" " ind2=" " tag="043"><subfield code="a">n-us-ut</subfield></datafield><datafield ind1="0" ind2=" " tag="130"><subfield code="a">Box Elder journal (Brigham City, Utah : 1949)</subfield></datafield><datafield ind1="1" ind2="0" tag="245"><subfield code="a">Box Elder journal.</subfield></datafield><datafield ind1=" " ind2=" " tag="260"><subfield code="a">Brigham City, Utah :</subfield><subfield code="b">C.W. Claybaugh &amp; W.M. Long,</subfield><subfield code="c">1949-1986.</subfield></datafield><datafield ind1=" " ind2=" " tag="300"><subfield code="a">v. :</subfield><subfield code="b">ill. ;</subfield><subfield code="c">57 cm.</subfield></datafield><datafield ind1=" " ind2=" " tag="310"><subfield code="a">Weekly</subfield></datafield><datafield ind1="0" ind2=" " tag="362"><subfield code="a">Vol. 42, no. 26 (Sept. 23, 1949)-v. 79, no. 35 (Aug. 27, 1986).</subfield></datafield><datafield ind1=" " ind2=" " tag="580"><subfield code="a">Continues in part: Box Elder news-journal.</subfield></datafield><datafield ind1=" " ind2=" " tag="580"><subfield code="a">Absorbed: Smithfield sentinel (Smithfield, Utah : 1946) (non-extant?).</subfield></datafield><datafield ind1=" " ind2=" " tag="580"><subfield code="a">Merged with: Box Elder news (Brigham City, Utah : 1949), to form: Box Elder news journal.</subfield></datafield><datafield ind1=" " ind2="0" tag="650"><subfield code="a">Newspapers.</subfield></datafield><datafield ind1=" " ind2="7" tag="650"><subfield code="a">Newspapers.</subfield><subfield code="2">fast</subfield><subfield code="0">(OCoLC)fst01037111</subfield></datafield><datafield ind1=" " ind2=" " tag="752"><subfield code="a">United States</subfield><subfield code="b">Utah</subfield><subfield code="c">Box Elder</subfield><subfield code="d">Brigham City.</subfield></datafield><datafield ind1="1" ind2="1" tag="780"><subfield code="t">Box Elder news-journal</subfield><subfield code="w">(DLC)sn 85058113</subfield><subfield code="w">(OCoLC)11956194</subfield></datafield><datafield ind1="1" ind2="5" tag="780"><subfield code="t">Smithfield sentinel (Smithfield, Utah : 1946)</subfield></datafield><datafield ind1="1" ind2="7" tag="785"><subfield code="t">Box Elder news (Brigham City, Utah : 1949)</subfield><subfield code="w">(DLC)sn 85058114</subfield><subfield code="w">(OCoLC)11956223</subfield></datafield><datafield ind1="1" ind2="7" tag="785"><subfield code="t">Box Elder news journal</subfield><subfield code="x">0892-225X</subfield><subfield code="w">(DLC)sn 86091566</subfield><subfield code="w">(OCoLC)14193458</subfield></datafield><datafield ind1="1" ind2=" " tag="029"><subfield code="a">AU@</subfield><subfield code="b">000025806068</subfield></datafield></record>